<record xmlns="http://www.loc.gov/MARC21/slim" xmlns:xsi="http://www.w3.org/2001/XMLSchema-instance" xsi:schemaLocation="http://www.loc.gov/MARC21/slim http://www.loc.gov/standards/marcxml/schema/MARC21slim.xsd"><leader>01984nam a2200433   4500</leader><controlfield tag="001">1932722</controlfield><controlfield tag="003">NIC</controlfield><controlfield tag="006">m        d        </controlfield><controlfield tag="007">cr cn |||m|||a</controlfield><controlfield tag="008">150222s1964    iq      ob    000 0 ara c</controlfield><datafield ind1=" " ind2=" " tag="040"><subfield code="a">NNU</subfield><subfield code="b">eng</subfield><subfield code="e">rda</subfield><subfield code="c">NNU</subfield></datafield><datafield ind1=" " ind2=" " tag="043"><subfield code="a">ma-----</subfield></datafield><datafield ind1="0" ind2="0" tag="050"><subfield code="a">PJ7591</subfield><subfield code="b">.J8</subfield></datafield><datafield ind1="1" ind2=" " tag="100"><subfield code="6">880-01</subfield><subfield code="a">Jubu&#772;ri&#772;, Yah&#803;ya&#769;.</subfield></datafield><datafield ind1="1" ind2="3" tag="245"><subfield code="6">880-02</subfield><subfield code="a">al-Isla&#772;m wa-al-shi&#699;r /</subfield><subfield code="c">[ta&#700;li&#772;f] Yah&#803;ya&#769; al-Jubu&#772;ri&#772;.</subfield></datafield><datafield ind1=" " ind2=" " tag="260"><subfield code="6">880-03</subfield><subfield code="a">Baghda&#772;d :</subfield><subfield code="b">Maktabat al-Nahd&#803;ah,</subfield><subfield code="c">[1964]</subfield></datafield><datafield ind1=" " ind2=" " tag="300"><subfield code="a">online resource (175 pages)</subfield></datafield><datafield ind1=" " ind2=" " tag="336"><subfield code="a">text</subfield><subfield code="2">rdacontent</subfield></datafield><datafield ind1=" " ind2=" " tag="337"><subfield code="a">computer</subfield><subfield code="2">rdamedia</subfield></datafield><datafield ind1=" " ind2=" " tag="338"><subfield code="a">online resource</subfield><subfield code="2">rdacarrier</subfield></datafield><datafield ind1=" " ind2=" " tag="500"><subfield code="a">Part of the Arabic Collections Online (ACO) project, contributed by Cornell University Libraries.</subfield></datafield><datafield ind1=" " ind2=" " tag="504"><subfield code="a">Includes bibliographical references.</subfield></datafield><datafield ind1=" " ind2=" " tag="504"><subfield code="a">Includes bibliographical references (pages 131-135).</subfield></datafield><datafield ind1=" " ind2=" " tag="533"><subfield code="a">Electronic reproduction.</subfield><subfield code="b">New York, N.Y. :</subfield><subfield code="c">New York University,</subfield><subfield code="d">2015.</subfield><subfield code="5">NNU</subfield></datafield><datafield ind1=" " ind2="0" tag="650"><subfield code="a">Arabic poetry</subfield><subfield code="x">History and criticism.</subfield></datafield><datafield ind1=" " ind2="0" tag="650"><subfield code="a">Islam and poetry.</subfield></datafield><datafield ind1=" " ind2="7" tag="650"><subfield code="a">Arabic poetry.</subfield><subfield code="2">fast</subfield><subfield code="0">(OCoLC)fst00812533</subfield></datafield><datafield ind1=" " ind2="7" tag="650"><subfield code="a">Islam and poetry.</subfield><subfield code="2">fast</subfield><subfield code="0">(OCoLC)fst00979878</subfield></datafield><datafield ind1=" " ind2="7" tag="655"><subfield code="a">Criticism, interpretation, etc.</subfield><subfield code="2">fast</subfield><subfield code="0">(OCoLC)fst01411635</subfield></datafield><datafield ind1="2" ind2=" " tag="710"><subfield code="a">Cornell University.</subfield><subfield code="b">Libraries.</subfield></datafield><datafield ind1="0" ind2=" " tag="730"><subfield code="a">Arabic Collections Online.</subfield></datafield><datafield ind1="0" ind2="8" tag="776"><subfield code="i">Online version:</subfield><subfield code="a">Jubu&#772;ri&#772;, Yah&#803;ya&#769;.</subfield><subfield code="t">Isla&#772;m wa-al-shi&#699;r.</subfield><subfield code="d">Baghda&#772;d : Maktabat al-Nahd&#803;ah, [1964]</subfield><subfield code="w">(OCoLC)577949961</subfield></datafield><datafield ind1="0" ind2="8" tag="776"><subfield code="i">Print version:</subfield><subfield code="a">Jubu&#772;ri&#772;, Yah&#803;ya&#769;.</subfield><subfield code="t">al-Isla&#772;m wa-al-shi&#699;r</subfield><subfield code="w">(NIC)1932722</subfield><subfield code="w">(DLC)ne 65000957 </subfield><subfield code="w">(OCoLC)21634646</subfield></datafield><datafield ind1="4" ind2="0" tag="856"><subfield code="u">http://hdl.handle.net/2333.1/4b8gtm0f</subfield></datafield><datafield ind1="1" ind2=" " tag="880"><subfield code="6">100-01/r</subfield><subfield code="a">&#1580;&#1576;&#1608;&#1585;&#1610;&#1548; &#1610;&#1581;&#1610;&#1609;.</subfield></datafield><datafield ind1="1" ind2="2" tag="880"><subfield code="6">245-02/r</subfield><subfield code="a">&#1575;&#1604;&#1575;&#1587;&#1604;&#1575;&#1605; &#1608;&#1575;&#1604;&#1588;&#1593;&#1585; /</subfield><subfield code="c">[&#1578;&#1571;&#1604;&#1610;&#1601;] &#1610;&#1581;&#1610;&#1609; &#1575;&#1604;&#1580;&#1576;&#1608;&#1585;&#1610;.</subfield></datafield><datafield ind1=" " ind2=" " tag="880"><subfield code="6">260-03/r</subfield><subfield code="a">&#1576;&#1594;&#1583;&#1575;&#1583; :</subfield><subfield code="b">&#1605;&#1603;&#1578;&#1576;&#1577; &#1575;&#1604;&#1606;&#1607;&#1590;&#1577;&#1548;</subfield><subfield code="c">[1964]</subfield></datafield><datafield ind1=" " ind2=" " tag="959"><subfield code="a">NNU</subfield><subfield code="b">WEB</subfield><subfield code="c">GENI</subfield><subfield code="t">0</subfield><subfield code="m">Electronic access</subfield><subfield code="s">01</subfield></datafield><datafield ind1=" " ind2=" " tag="999"><subfield code="i">NIC_1932722</subfield><subfield code="o">(OCoLC)ocm21634646 </subfield><subfield code="s">cornell_aco000114</subfield></datafield></record>